<record><leader>00000cas a22000007a 4500</leader><controlfield tag="001">15153595</controlfield><controlfield tag="008">870205d18921912wiuwr ne      0    0eng d</controlfield><datafield ind1=" " ind2=" " tag="010"><subfield code="a">sn 87082067 </subfield></datafield><datafield ind1=" " ind2=" " tag="040"><subfield code="a">NPV</subfield><subfield code="b">eng</subfield><subfield code="c">NPV</subfield><subfield code="d">OCLCQ</subfield></datafield><datafield ind1=" " ind2=" " tag="042"><subfield code="a">msc</subfield></datafield><datafield ind1="0" ind2="4" tag="245"><subfield code="a">The Glenwood tribune.</subfield></datafield><datafield ind1="3" ind2="0" tag="246"><subfield code="a">Tribune</subfield></datafield><datafield ind1="3" ind2="0" tag="246"><subfield code="a">Downing gleaner</subfield></datafield><datafield ind1="3" ind2="0" tag="246"><subfield code="a">Emerald tribune</subfield></datafield><datafield ind1=" " ind2=" " tag="260"><subfield code="a">Glenwood [i.e. Glenwood City], Wis. :</subfield><subfield code="b">C.J. Augustin,</subfield><subfield code="c">1892-1912.</subfield></datafield><datafield ind1=" " ind2=" " tag="300"><subfield code="a">v.</subfield></datafield><datafield ind1=" " ind2=" " tag="310"><subfield code="a">Weekly</subfield></datafield><datafield ind1="0" ind2=" " tag="362"><subfield code="a">Vol. 3, no. 34 (July 15, 1892)-v. 23, no. 15 (Jan. 4, 1912).</subfield></datafield><datafield ind1=" " ind2=" " tag="500"><subfield code="a">Added masthead: Downing gleaner.</subfield></datafield><datafield ind1=" " ind2=" " tag="500"><subfield code="a">Added masthead: Emerald tribune.</subfield></datafield><datafield ind1=" " ind2=" " tag="752"><subfield code="a">United States</subfield><subfield code="b">Wisconsin</subfield><subfield code="c">St. Croix</subfield><subfield code="d">Glenwood.</subfield></datafield><datafield ind1=" " ind2=" " tag="752"><subfield code="a">United States</subfield><subfield code="b">Wisconsin</subfield><subfield code="c">St. Croix</subfield><subfield code="d">Glenwood City.</subfield></datafield><datafield ind1=" " ind2=" " tag="752"><subfield code="a">United States</subfield><subfield code="b">Wisconsin</subfield><subfield code="c">St. Croix</subfield><subfield code="d">Emerald.</subfield></datafield><datafield ind1=" " ind2=" " tag="752"><subfield code="a">United States</subfield><subfield code="b">Wisconsin</subfield><subfield code="c">Dunn</subfield><subfield code="d">Downing.</subfield></datafield><datafield ind1="0" ind2="0" tag="780"><subfield code="t">Glenwood gleaner</subfield><subfield code="w">(DLC)sn 87082066</subfield></datafield><datafield ind1="0" ind2="0" tag="785"><subfield code="t">Glenwood City tribune</subfield><subfield code="w">(DLC)sn 87082068</subfield></datafield></record>